%% This BibTeX bibliography file was created using BibDesk.
%% http://bibdesk.sourceforge.net/


%% Created for Leif Schelin at 2015-05-07 16:46:06 +0200 


%% Saved with string encoding Unicode (UTF-8) 



@misc{moskowDogs,
	Author = {Sally McGrane},
	Date-Added = {2015-05-07 14:39:26 +0000},
	Date-Modified = {2015-05-07 14:45:56 +0000},
	Howpublished = {The New Yorker: \url{http://www.newyorker.com/culture/culture-desk/moscows-metro-dogs}},
		Note = {[Online; accessed 2015-05-07]},
	Month = {July},
	Title = {Moscow's Metro Dogs},
	Url = {http://www.newyorker.com/culture/culture-desk/moscows-metro-dogs},
	Year = {2013}}

@article{mackintosh1988animals,
	Author = {Mackintosh, N. J.},
	Date-Added = {2015-05-07 13:47:41 +0000},
	Date-Modified = {2015-05-07 13:49:10 +0000},
	Journal = {British Journal of Psychology},
	Pages = {509-522},
	Read = {0},
	Title = {Approaches to the study of animal intelligence},
	Volume = {79},
	Year = {1988}}

@article{turing1950computing,
	Author = {Turing, Alan M},
	Journal = {Mind},
	Pages = {433--460},
	Publisher = {JSTOR},
	Title = {Computing machinery and intelligence},
	Year = {1950}}

@article{nagel1974like,
	Author = {Nagel, Thomas},
	Journal = {The philosophical review},
	Pages = {435--450},
	Publisher = {JSTOR},
	Title = {What is it like to be a bat?},
	Year = {1974}}

@article{searle1980minds,
	Author = {Searle, John R},
	Journal = {Behavioral and brain sciences},
	Number = {03},
	Pages = {417--424},
	Publisher = {Cambridge Univ Press},
	Title = {Minds, brains, and programs},
	Volume = {3},
	Year = {1980}}

@book{kurzweil2005singularity,
	Author = {Kurzweil, Ray},
	Publisher = {Penguin},
	Title = {The singularity is near: When humans transcend biology},
	Year = {2005}}

@misc{grey2014humans,
	Author = {CGP Grey},
	Howpublished = {YouTube: \url{https://youtu.be/7Pq-S557XQU}},
	Note = {[Online; accessed 2015-05-06]},
	Title = {Humans Need Not Apply},
	Year = 2014}
